@book{stull2012introduction,
  title={An introduction to boundary layer meteorology},
  author={Stull, Roland B},
  volume={13},
  year={2012},
  publisher={Springer Science \& Business Media}
}

@book{batchelor1953theory,
  title={The theory of homogeneous turbulence},
  author={Batchelor, George Keith},
  year={1953},
  publisher={Cambridge university press}
}

@article{burba2013eddy,
  title={Eddy covariance method},
  author={Burba, George},
  journal={Li-COR Biogeosciences, Lincoln, NE},
  year={2013}
}

@article{manins1979model,
  title={A model of katabatic winds},
  author={Manins, PC and Sawford, BL},
  journal={Journal of the Atmospheric Sciences},
  volume={36},
  number={4},
  pages={619--630},
  year={1979}
}

@article{ball1956theory,
  title={The theory of strong katabatic winds},
  author={Ball, FK},
  journal={Australian Journal of Physics},
  volume={9},
  number={3},
  pages={373--386},
  year={1956},
  publisher={CSIRO}
}

@article{mahrt2014stably,
  title={Stably stratified atmospheric boundary layers},
  author={Mahrt, L},
  journal={Annual Review of Fluid Mechanics},
  volume={46},
  pages={23--45},
  year={2014},
  publisher={Annual Reviews}
}

@article{poulos2008observational,
  title={An observational history of small-scale katabatic winds in mid-latitudes},
  author={Poulos, Greg and Zhong, Shiyuan},
  journal={Geography Compass},
  volume={2},
  number={6},
  pages={1798--1821},
  year={2008},
  publisher={Wiley Online Library}
}