@book{stull2012introduction,
  title={An introduction to boundary layer meteorology},
  author={Stull, Roland B},
  volume={13},
  year={2012},
  publisher={Springer Science \& Business Media}
}

@book{batchelor1953theory,
  title={The theory of homogeneous turbulence},
  author={Batchelor, George Keith},
  year={1953},
  publisher={Cambridge university press}
}

@article{burba2013eddy,
  title={Eddy covariance method},
  author={Burba, George},
  journal={Li-COR Biogeosciences, Lincoln, NE},
  year={2013}
}

@article{manins1979model,
  title={A model of katabatic winds},
  author={Manins, PC and Sawford, BL},
  journal={Journal of the Atmospheric Sciences},
  volume={36},
  number={4},
  pages={619--630},
  year={1979}
}

@article{manins1979katabatic,
  title={Katabatic winds: A field case study},
  author={Manins, PC and Sawford, BL},
  journal={Quarterly Journal of the Royal Meteorological Society},
  volume={105},
  number={446},
  pages={1011--1025},
  year={1979},
  publisher={Wiley Online Library}
}

@article{ball1956theory,
  title={The theory of strong katabatic winds},
  author={Ball, FK},
  journal={Australian Journal of Physics},
  volume={9},
  number={3},
  pages={373--386},
  year={1956},
  publisher={CSIRO}
}

@article{mahrt2014stably,
  title={Stably stratified atmospheric boundary layers},
  author={Mahrt, L},
  journal={Annual Review of Fluid Mechanics},
  volume={46},
  pages={23--45},
  year={2014},
  publisher={Annual Reviews}
}

@article{poulos2008observational,
  title={An observational history of small-scale katabatic winds in mid-latitudes},
  author={Poulos, Greg and Zhong, Shiyuan},
  journal={Geography Compass},
  volume={2},
  number={6},
  pages={1798--1821},
  year={2008},
  publisher={Wiley Online Library}
}

@mastersthesis{jakob,
    author    = "Siedersleben, Jakob",
    title     = "Investigation of Katabatic Winds on
{B}elledonne",
    type     = "Master 1 {A}pplied {M}echanics",
    school    = "Universit\'e Grenoble Alpes",
    year      = "2018",
    month    = "May",
}

@mastersthesis{alban,
    author    = "Philibert, Alban",
    title     = "Etude {E}xp\'erimentale de caract\'erisation dâ€™un \'ecoulement catabatique sur forte pente",
    type     = "Master {M}ention {S}ciences de la {T}erre et de l'{E}nvironnement",
    school    = "Universit\'e Grenoble Alpes",
    year      = "2016",
}

@mastersthesis{claudine,
    author    = "Charrondi\`ere, Claudine",
    title     = "Vents catabatiques sur forte pente alpine",
    school    = "Universit\'e Grenoble Alpes",
    type     = "Master 2 {S}ciences de la {T}erre et des {P}lan\`etes, {E}nvironnement",
    year      = "2018",
    month    = "June",
}

@article{largeron2016persistent,
  title={Persistent inversion dynamics and wintertime PM10 air pollution in Alpine valleys},
  author={Largeron, Yann and Staquet, Chantal},
  journal={Atmospheric Environment},
  volume={135},
  pages={92--108},
  year={2016},
  publisher={Elsevier}
}

@article{serafin2018exchange,
  title={Exchange processes in the atmospheric boundary layer over mountainous terrain},
  author={Serafin, Stefano and Adler, Bianca and Cuxart, Joan and De Wekker, Stephan and Gohm, Alexander and Grisogono, Branko and Kalthoff, Norbert and Kirshbaum, Daniel and Rotach, Mathias and Schmidli, J{\"u}rg and others},
  journal={Atmosphere},
  volume={9},
  number={3},
  pages={102},
  year={2018},
  publisher={Multidisciplinary Digital Publishing Institute}
}

@article{grachev2016structure,
  title={Structure of turbulence in katabatic flows below and above the wind-speed maximum},
  author={Grachev, Andrey A and Leo, Laura S and Di Sabatino, Silvana and Fernando, Harindra JS and Pardyjak, Eric R and Fairall, Christopher W},
  journal={Boundary-layer meteorology},
  volume={159},
  number={3},
  pages={469--494},
  year={2016},
  publisher={Springer}
}

@article{largeron2010turbulent,
  title={Turbulent mixing in a katabatic wind under stable conditions},
  author={Largeron, Yann and Staquet, Chantal and Chemel, Charles},
  journal={Meteorologische Zeitschrift},
  volume={19},
  number={5},
  pages={467--480},
  year={2010},
  publisher={E. Schweizerbart'sche Verlagsbuchhandlung}
}

@article{zammett2007katabatic,
  title={Katabatic winds on ice sheets: A refinement of the Prandtl model},
  author={Zammett, RJ and Fowler, AC},
  journal={Journal of the atmospheric sciences},
  volume={64},
  number={7},
  pages={2707--2716},
  year={2007}
}

@incollection{zardi2013diurnal,
  title={Diurnal mountain wind systems},
  author={Zardi, Dino and Whiteman, C David},
  booktitle={Mountain Weather Research and Forecasting},
  pages={35--119},
  year={2013},
  publisher={Springer}
}

@phdthesis{blein2016observation,
  title={Observation et mod{\'e}lisation de couche limite atmosph{\'e}rique stable en relief complexe: le processus turbulent d'{\'e}coulement catabatique},
  author={Blein, S{\'e}bastien},
  year={2016},
  school={Grenoble Alpes}
}

@article{sandwell2011gmtsar,
  title={Gmtsar: An insar processing system based on generic mapping tools},
  author={Sandwell, David and Mellors, Rob and Tong, Xiaopeng and Wei, Matt and Wessel, Paul},
  year={2011}
}
